<?xml version="1.0" encoding="UTF-8"?><collection xmlns="http://www.loc.gov/MARC21/slim"><record><leader>00538nam--2200121-i-4500</leader><controlfield tag="001">000008209</controlfield><controlfield tag="002">20161230</controlfield><controlfield tag="005">20161230201027</controlfield><controlfield tag="008">060222s1000------------r-----000-0-eng-d</controlfield><datafield ind1=" " ind2=" " tag="080"><subfield code="a">547(038)=20:801.323.1=20</subfield></datafield><datafield ind1=" " ind2=" " tag="245"><subfield code="a">Dictionary of organic compounds. the constitution and physical, chemical and other properties of the principal carbon compounds and their derivatives, together with relevant literature references. 4th, completely revised enlarged and re-set edition in</subfield></datafield><datafield ind1=" " ind2=" " tag="260"><subfield code="a">London, Eyre&amp;spottiswoode Publ.Ltd., 1965</subfield></datafield><datafield ind1=" " ind2=" " tag="852"><subfield code="a">D.364</subfield></datafield></record></collection>